<?xml version="1.0" encoding="UTF-8"?><collection xmlns="http://www.loc.gov/MARC21/slim"><record><leader>00392nam--2200121-i-4500</leader><controlfield tag="001">000035122</controlfield><controlfield tag="002">20161230</controlfield><controlfield tag="005">20161230201040</controlfield><controlfield tag="008">060222s1000------------r-----000-0-eng-d</controlfield><datafield ind1=" " ind2=" " tag="245"><subfield code="a">Organic syntheses. collective vols.1-3-4. a revised edition of annual volumes i-ix, x-xix, xx-xxix</subfield></datafield><datafield ind1=" " ind2=" " tag="260"><subfield code="a">New Yor, John Wiley &amp; Sons, Inc., 1957, X + 890p</subfield></datafield><datafield ind1=" " ind2=" " tag="700"><subfield code="a">Gilman, H.And Blatt, A.H</subfield></datafield><datafield ind1=" " ind2=" " tag="852"><subfield code="a">14529</subfield></datafield></record></collection>